@book{bishopPatternRecognitionMachine2006,
  title = {Pattern Recognition and Machine Learning},
  author = {Bishop, Christopher M.},
  date = {2006},
  series = {Information Science and Statistics},
  publisher = {Springer},
  location = {New York},
  isbn = {978-0-387-31073-2},
  langid = {english},
  pagetotal = {738},
  file = {/home/magda/Zotero/storage/GRYBQJT9/Bishop_2006_Pattern recognition and machine learning.pdf}
}

@article{oetikerNotShortIntroduction2023,
  title = {The {{Not So Short Introduction}} to {{LaTeX}}},
  author = {Oetiker, Tobias and Serwin, Marcin and Partl, Hubert and Hyna, Irene and Schlegl, Elisabeth},
  date = {2023},
  langid = {english},
  file = {/home/magda/Zotero/storage/KKKIXWQ9/Oetiker et al. - The Not So Short Introduction to LaTeX.pdf}
}





